<record><leader>00000cas a2200000 a 4500</leader><controlfield tag="001">13662850</controlfield><controlfield tag="008">860530d18951900inudn ne      0    0eng c</controlfield><datafield ind1=" " ind2=" " tag="010"><subfield code="a">sn 86058575 </subfield></datafield><datafield ind1=" " ind2=" " tag="040"><subfield code="a">NPI</subfield><subfield code="b">eng</subfield><subfield code="c">NPI</subfield><subfield code="d">OCLCQ</subfield><subfield code="d">IUL</subfield><subfield code="d">OCLCF</subfield></datafield><datafield ind1=" " ind2=" " tag="042"><subfield code="a">pcc</subfield></datafield><datafield ind1=" " ind2=" " tag="043"><subfield code="a">n-us-in</subfield></datafield><datafield ind1="0" ind2=" " tag="130"><subfield code="a">Daily press (New Castle, Ind. : 1895)</subfield></datafield><datafield ind1="1" ind2="4" tag="245"><subfield code="a">The daily press.</subfield></datafield><datafield ind1=" " ind2=" " tag="260"><subfield code="a">New Castle, Ind. :</subfield><subfield code="b">[Walter S. Chambers and Arthur W. Tracy]</subfield></datafield><datafield ind1=" " ind2=" " tag="300"><subfield code="a">v. :</subfield><subfield code="b">ill. ;</subfield><subfield code="c">51-65 cm.</subfield></datafield><datafield ind1=" " ind2=" " tag="310"><subfield code="a">Daily (except Sun.)</subfield></datafield><datafield ind1="1" ind2=" " tag="362"><subfield code="a">Began with Jan. 1, 1895 issue; ceased in July 1900?</subfield></datafield><datafield ind1=" " ind2=" " tag="500"><subfield code="a">Publishers' name from Miller, Indiana newspaper bibliog.</subfield></datafield><datafield ind1=" " ind2=" " tag="580"><subfield code="a">Published also in a weekly edition called: Henry County Republican (New Castle, Ind. : 1895).</subfield></datafield><datafield ind1=" " ind2=" " tag="588"><subfield code="a">Description based on: Vol. 1, no. 95 (Apr. 20, 1895); title from masthead.</subfield></datafield><datafield ind1=" " ind2="0" tag="651"><subfield code="a">New Castle (Ind.)</subfield><subfield code="v">Newspapers.</subfield></datafield><datafield ind1=" " ind2="0" tag="651"><subfield code="a">Henry County (Ind.)</subfield><subfield code="v">Newspapers.</subfield></datafield><datafield ind1=" " ind2="7" tag="651"><subfield code="a">Indiana</subfield><subfield code="z">Henry County.</subfield><subfield code="2">fast</subfield><subfield code="0">(OCoLC)fst01209009</subfield></datafield><datafield ind1=" " ind2="7" tag="651"><subfield code="a">Indiana</subfield><subfield code="z">New Castle.</subfield><subfield code="2">fast</subfield><subfield code="0">(OCoLC)fst01236657</subfield></datafield><datafield ind1=" " ind2="7" tag="655"><subfield code="a">Newspapers.</subfield><subfield code="2">fast</subfield><subfield code="0">(OCoLC)fst01423814</subfield></datafield><datafield ind1=" " ind2=" " tag="752"><subfield code="a">United States</subfield><subfield code="b">Indiana</subfield><subfield code="c">Henry</subfield><subfield code="d">New Castle.</subfield></datafield><datafield ind1="1" ind2=" " tag="775"><subfield code="t">Henry County Republican (New Castle, Ind. : 1895)</subfield><subfield code="w">(DLC)sn 86058574</subfield><subfield code="w">(OCoLC)13664565</subfield></datafield><datafield ind1="0" ind2="4" tag="785"><subfield code="t">New Castle tribune (New Castle, Ind. : 1897)</subfield><subfield code="w">(DLC)sn 86058568</subfield><subfield code="w">(OCoLC)13664574</subfield></datafield><datafield ind1="4" ind2="1" tag="856"><subfield code="u">https://access.newspaperarchive.com/us/indiana/new-castle/new-castle-daily-press/</subfield></datafield></record>